@article{LibroCompGrafica,
author = "{James D. Foley, Andries van Dam, Steven K. Feiner, John F. Hughes, Richard L. Phillips}",
title = "Introducción a la Graficación por Computador",
journal = "Addisson-Wesley Iberoamericana, S.A.",
year = 1996,
}