@GLOSSDEF{ejeoptico,
    word = "Eje óptico",
    definition ="Eje perpendicular al plano imagen que pasa por el centro de la cámara, también llamado centro óptico."
}
@GLOSSDEF{topología,
    word = "topología",
    definition ="topología"
}
@GLOSSDEF{canalalfa,
    word = "Canal alfa",
    definition =""
}

@GLOSSDEF{GPU,
    word = "Graphic Processing Unit",
    definition ="La unidad de procesamiento gráfico es un procesador suplementario a la unidad de procesamiento central cuya función especifica es el procesamiento de gráficos y el cálculo de operaciones matemáticas de punto flotante."
}

@GLOSSDEF{VJ,
    word = "Video jockey.",
    definition ="El término videojockey o VJ se aplica a aquellos creadores que generan sesiones visuales mezclando en directo pistas de video con música u otro tipo de acción"
}

@GLOSSDEF{escena,
    word = "Escena.",
    definition ="TODO:Definir. Va en glosario? para mi es un concepto que se puede definir en el texto"
}

@GLOSSDEF{calibracion,
    word = "Calibración.",
    definition ="TODO:Definir. misma duda que Escena"
}

@GLOSSDEF{escaneo,
    word = "Escaneo.",
    definition ="TODO:Definir. misma duda que Escena"
}

@GLOSSDEF{bidimensional,
    word = "Espacio bidimensional.",
    definition ="TODO:Definir."
}

@GLOSSDEF{visionporcomputadora,
    word = "Visión por computadora.",
    definition ="TODO:Definir."
}

@GLOSSDEF{bitmap,
    word = "Mapas de bits.",
    definition ="TODO:Definir."
}

@GLOSSDEF{pixel,
    word = "Pixel.",
    definition ="TODO:Definir."
}
@GLOSSDEF{mallas,
    word = "malla tridimensional.",
    definition ="TODO:Definir."
}
