@article{LibroCompGrafica,
author = "{James D. Foley, Andries van Dam, Steven K. Feiner, John F. Hughes, Richard L. Phillips}",
title = "Introducción a la Graficación por Computador",
journal = "Addisson-Wesley Iberoamericana, S.A.",
year = 1996,
}

@misc{Module8,
	title = "Web de Module8",
	howpublished = "http://www.modul8.ch",
	key = {Module8},
}

@misc{VDMX,
	title = "Web de VDMX",
	howpublished = "http://vidvox.net",
	key = {VDMX},
}

@misc{VVVV,
	title = "Web de VVVV",
	howpublished = "http://vvvv.org",
	key = {VVVV},
}

@misc{VPT,
	title = "Web de Video Projection Tool",
	howpublished = "http://hcgilje.wordpress.com/VPT",
	key = {VPT},
}

@misc{Chindogu,
	title = "Web de Marcelo Vidal",
	howpublished = "http://vimeo.com/vjchindogu",
	key = {Chindogu},
}

@misc{Ailaviu,
	title = "Web de Martin Borini",
	howpublished = "http://vimeo.com/ailaviu",
	key = {Ailaviu},
}

@misc{Viktorvicsek,
	title = "Web de Viktor Vicsek",
	howpublished = "http://vimeo.com/viktorvicsek",
	key = {Viktorvicsek},
}

@misc{KyleMcDonald,
	title = "Web de Kyle McDonald",
	howpublished = "http://www.kylemcdonald.net",
	key = {KyleMcDonald},
}
